<record><leader>00000cas a2200000 a 4500</leader><controlfield tag="001">25758098</controlfield><controlfield tag="008">920504d18791890iluwr ne      0   a0eng c</controlfield><datafield ind1=" " ind2=" " tag="010"><subfield code="a">sn 92053176 </subfield></datafield><datafield ind1=" " ind2=" " tag="040"><subfield code="a">NVF</subfield><subfield code="b">eng</subfield><subfield code="c">NVF</subfield><subfield code="d">OCL</subfield><subfield code="d">NVF</subfield><subfield code="d">OCLCQ</subfield><subfield code="d">OCLCF</subfield><subfield code="d">OCLCO</subfield><subfield code="d">NVF</subfield></datafield><datafield ind1=" " ind2=" " tag="042"><subfield code="a">pcc</subfield></datafield><datafield ind1=" " ind2=" " tag="043"><subfield code="a">n-us-il</subfield></datafield><datafield ind1="0" ind2=" " tag="130"><subfield code="a">Ottawa weekly times (Ottawa, Ill.)</subfield></datafield><datafield ind1="1" ind2="4" tag="245"><subfield code="a">The Ottawa weekly times.</subfield></datafield><datafield ind1=" " ind2=" " tag="260"><subfield code="a">Ottawa, La Salle County, Ill. :</subfield><subfield code="b">F.A. Nattinger</subfield></datafield><datafield ind1=" " ind2=" " tag="300"><subfield code="a">v.</subfield></datafield><datafield ind1=" " ind2=" " tag="310"><subfield code="a">Weekly</subfield></datafield><datafield ind1="1" ind2=" " tag="362"><subfield code="a">Began in 1879? Ceased in Sept. 1890.</subfield></datafield><datafield ind1=" " ind2=" " tag="580"><subfield code="a">Merged with: Ottawa Republican (Ottawa, Ill. : 1861), to form: Ottawa Republican-times (Ottawa, Ill.).</subfield></datafield><datafield ind1=" " ind2=" " tag="588"><subfield code="a">Description based on: Vol. 3, no. 1 (Sept. 23, 1881).</subfield></datafield><datafield ind1=" " ind2=" " tag="588"><subfield code="a">Latest issue consulted: Apr. 20, 1888.</subfield></datafield><datafield ind1=" " ind2="0" tag="651"><subfield code="a">Ottawa (Ill.)</subfield><subfield code="v">Newspapers.</subfield></datafield><datafield ind1=" " ind2="7" tag="651"><subfield code="a">Illinois</subfield><subfield code="z">Ottawa.</subfield><subfield code="2">fast</subfield><subfield code="0">(OCoLC)fst01226738</subfield></datafield><datafield ind1=" " ind2="7" tag="655"><subfield code="a">Newspapers.</subfield><subfield code="2">fast</subfield><subfield code="0">(OCoLC)fst01423814</subfield></datafield><datafield ind1=" " ind2=" " tag="752"><subfield code="a">United States</subfield><subfield code="b">Illinois</subfield><subfield code="c">La Salle County</subfield><subfield code="d">Ottawa.</subfield></datafield><datafield ind1="0" ind2=" " tag="775"><subfield code="t">Ottawa daily times (Ottawa, Ill. : 1890)</subfield><subfield code="w">(DLC)sn 92053178</subfield><subfield code="w">(OCoLC)25758059</subfield></datafield><datafield ind1="1" ind2="7" tag="785"><subfield code="t">Ottawa Republican (Ottawa, Ill. : 1861)</subfield><subfield code="w">(DLC)sn 84024087</subfield><subfield code="w">(OCoLC)10478608</subfield></datafield><datafield ind1="1" ind2="7" tag="785"><subfield code="t">Ottawa Republican-times (Ottawa, Ill.)</subfield><subfield code="w">(DLC)sn 92053177</subfield><subfield code="w">(OCoLC)25758140</subfield></datafield><datafield ind1="1" ind2=" " tag="029"><subfield code="a">AU@</subfield><subfield code="b">000020228635</subfield></datafield></record>